<?xml version="1.0" encoding="UTF-8"?><collection xmlns="http://www.loc.gov/MARC21/slim"><record><leader>00393nam--2200133-i-4500</leader><controlfield tag="001">000018000</controlfield><controlfield tag="002">20161230</controlfield><controlfield tag="005">20161230201032</controlfield><controlfield tag="008">060222s1000------------r-----000-0-eng-d</controlfield><datafield ind1=" " ind2=" " tag="080"><subfield code="a">523.9</subfield></datafield><datafield ind1=" " ind2=" " tag="100"><subfield code="a">Ellison, M.A</subfield></datafield><datafield ind1=" " ind2=" " tag="245"><subfield code="a">The sun and its influence.an introduction to the study of solar-terrestrial relations</subfield></datafield><datafield ind1=" " ind2=" " tag="260"><subfield code="a">London,Routledge And Kegan Paul Ltd, 1956. Xii + 235</subfield></datafield><datafield ind1=" " ind2=" " tag="852"><subfield code="a">12039</subfield></datafield></record></collection>